@book{stallings,
   author = {В. Столлингс},
   year = {2003},
   title = {Современные компьютерные сети},
   numpages = {-- 820},
   publisher = {Питер},
   address = {-- СПб.},
}

@book{vero,
   author = {Ширяев А. Н.},
   year = {1980},
   title = {Вероятность},
   numpages = {-- 520},
   volume = {1},
   publisher = {Наука},
   address = {-- М.},
}

@book{klein,
   author = {Л. Клейнрок},
   year = {1979},
   title = {Вычислительные системы с очередями},
   publisher = {Мир},
   numpages = {-- 595},
   address = {-- М.},
}

@book{teorver,
   author = {Гнеденко Б. В.},
   year = {2005},
   title = {Курс теории вероятности},
   publisher = {Едиториал},
   numpages = {-- 448},
   address = {-- М.},
}

@book{ssim,
   author={{W. E. Leland} and {M. S. Taqqu}},
   title={On the Self-Similar Nature of Ethernet Traffic},
   publisher={IEEE/ACM Transactions on Networking},
   year = {1994},
   address = {-- New-York},
}

@article{frac,
   author={Жиков В. В.},
   title={Фракталы},
   journal={Сорос. образоват. журн.},
   number = {2},
   year = {1996},
   pages = {109-117},
}

@book{aliev_model,
   author={Алиев Т. И.},
   title={Основы моделирования дискретных систем},
   publisher = {СПбГУ ИТМО},
   address = {-- СПб.},
   year = {2009},
   numpages = {-- 363},
}

@article{aliev_approx,
   author={Алиев Т. И.},
   title={Аппроксимация вероятностных распределений в моделях массового обслуживания},
   journal={Научно-технический вестник информационных технологий, механики и оптики},
   number = {2},
   year = 2013,
   pages = {88-93},
}

@article{korg_deferred,
   author={Жмылёв С. А.},
   title={Повышение качества обслуживания веб-клиентов с использованием отложенной отправки запросов},
   journal={Сборник трудов молодых ученых и сотрудников кафедры ВТ},
   number = {5},
   year = 2014,
   pages = {7-11},
}
@article{korg_bak,
   author={Жмылёв С. А.},
   title={Анализ типовых распределенных атак на сервисы глобальной сети},
   journal={Аннотированный сборник научно-исследовательских выпускных работ бакалавров НИУ ИТМО},
   year = 2013,
   pages = {118-119},
}
@book{korg_ddos,
   author = {Жмылёв С. А.},
   year = {2015},
   title = {Распределённые атаки типа DDoS},
   publisher = {LAP LAMBERT Academic Publishing},
   address = {-- Saarbrucken},
   numpages = {-- 61},
   annote = {ISBN: 978-3-659-66612-4},
}
@article{korg_ssim,
   author={Жмылёв С. А.},
   title={Исследование свойств самоподобных потоков},
   journal={Сборник тезисов докладов конгресса молодых ученых},
   year = 2015,
   publisher = {Университет ИТМО},
   address = {-- СПб.},
}

@book{gpss,
   author = {С. Кокс},
   year = {2002},
   title = {Руководство пользователя по GPSS},
   publisher = {Мастер Лайн},
   address = {-- Казань},
   numpages = {-- 384},
}

@book{ventzel,
   author = {Вентцель Е. С.},
   year = {1969},
   title = {Теория вероятностей},
   publisher = {Высш. шк.},
   address = {М.},
   numpages = {-- 576},
   edition = {-- 6},
}

@book{gmurman,
   author = {Гмурман В. Е.},
   year = {2003},
   title = {Теория вероятностей и математическая статистика},
   publisher = {Высш. шк.},
   address = {М.},
   numpages = {-- 479},
   edition = {-- 9},
}

@book{kihong,
   author = {К. Pаrk{,} W. Willingеr},
   year = {2000},
   title = {Self-Similar Network Traffic and Performance Evaluation},
   publisher = {John Wiley and Sons},
   address = {-- New-York},
   numpages = {-- 479},
}

@article(intmath,
   author = {М. Воurnе},
   title = "The z-Table [Электронный ресурс]",
   journal = "Interactive mathematics",
   address = "Singapore",
   year = 2014,
   url = "--- Режим доступа: \url{http://www.intmath.com/counting-probability/z-table.php},
   свободный.",
)

@article{smo_hard,
   author={Бурмистров В. А.{,} Гавришев А. А.{,} Кныш Д. С.},
   title={Применение теории массового обслуживания для исследования сложных информационно–технических систем},
   journal={Молодежная электронная научная школа-конференция "Актуальные проблемы защиты информации и информационной безопасности"},
   address = "-- Ставрополь",
   year = {2011},
   url = "--- Режим доступа: \url{http://tinyurl.com/stavkombez-2011-queueing},
   свободный.",
   language = "russian",
}
@book{smo_imit,
   author = {Павловский Ю. Н.},
   year = {2008},
   title = {Имитационное моделирование},
   publisher = {издательский центр «Академия»},
   address = {-- М.},
   numpages = {-- 237},
}

